@string{JAS="J. Atmos. Sci."}
@string{MWR="Mon. Wea. Rev."}
@string{JTECH="J. Atmos. Oceanic Technol."}
@string{JAMC="J. Appl. Meteor. Climatol."}
@string{WAF="Wea. Forecasting"}
@string{BAMS="Bull. Amer. Meteor. Soc."}
@string{JGR="J. Geophy. Res."}
@string{QJRMS="Quart. J. Roy. Met. Soc."}
