@article{lorenz63, author="Edward Lorenz", title="Deterministic Nonperiodic Flow", year=1963, journal=JAS, volume=20, number=2, pages="130-141" }
@article{lorenc86, author="A. C. Lorenc", title="Analysis methods for numerical weather prediction", year=1986, journal=QJRMS, volume=112, number=474, pages="1177-1194"}
@article{snyderzhang03, author="Chris Snyder and Fuqing Zhang", title="Assimilation of Simulated {D}oppler Radar Observations with an Ensemble {K}alman Filter", year=2003, journal=MWR, volume=131, number=8, pages="1663-1677"}
@article{hamillsnyder02, author="Thomas M. Hamill and Chris Snyder", title="Using Improved Background-Error Covariances from an Ensemble {K}alman Filter for Adaptive Observations", year=2002, journal=MWR, volume=130, number=6, pages="1552-1572"}
@article{hackersnyder05, author="Joshua P. Hacker and Chris Snyder", title="Ensemble {K}alman Filter Assimilation of Fixed Screen-Height Observations in a Parameterized PBL", year=2005, journal=MWR, volume=133, number=11, pages="3260-3275"}
@article{suncrook94, author="Juanzhen Sun and Andrew Crook", title="Wind and Thermodynamic Retrieval from Single-{D}oppler Measurements of a Gust Front Observed during {P}hoenix {II}", year=1994, journal=MWR, volume=122, number=6, pages="1075-1091"}
@article{suncrook96, author="Juanzhen Sun and N. Andrew Crook", title="Comparison of Thermodynamic Retrieval by the Adjoint Method with the Traditional Retrieval Method", year=1996, journal=MWR, volume=124, number=2, pages="308-324"}
@article{suncrook97, author="Juanzhen Sun and N. Andrew Crook", title="Dynamical and Microphysical Retrieval from {D}oppler Radar Observations Using a Cloud Model and Its Adjoint. {P}art {I}: Model Development and Simulated Data Experiments", year=1997, journal=JAS, volume=54, number=12, pages="1642-1661"}
@article{suncrook98, author="Juanzhen Sun and N. Andrew Crook", title="Dynamical and Microphysical Retrieval from {D}oppler Radar Observations Using a Cloud Model and Its Adjoint. {P}art {II}: Retrieval Experiments of an Observed {F}lorida Convective Storm", year=1998, journal=JAS, volume=55, number=5, pages="835–852"}
@article{sunetal91, author="Juanzhen Sun and Dawn W. Flicker and Douglas K. Lilly", title="Recovery of Three-Dimensional Wind and Temperature Fields from Simulated Single-{D}oppler Radar Data", year=1991, journal=JAS, volume=48, number=6, pages="876-890"}
@article{wuetal00, author="Bing Wu and Johannes Verlinde and Juanzhen Sun", title="Dynamical and Microphysical Retrievals from {D}oppler Radar Observations of a Deep Convective Cloud", year=2000, journal=JAS, volume=57, number=2, pages="262-283"}
@article{dowelletal04, author="David C. Dowell and Fuqing Zhang and Louis J. Wicker and Chris Snyder and N. Andrew Crook", title="Wind and Temperature Retrievals in the 17 {M}ay 1981 Arcadia, Oklahoma, Supercell: Ensemble {K}alman Filter Experiments", year=2004, journal=MWR, volume=132, number=8, pages="1982-2005"}
@article{zhangetal04, author="Fuqing Zhang and Chris Snyder and Juanzhen Sun", title="Impacts of Initial Estimate and Observation Availability on Convective-Scale Data Assimilation with an Ensemble {K}alman Filter", year=2004, journal=MWR, volume=132, number=5, pages="1238-1253"}
@article{tongxue05, author="Mingjing Tong and Ming Xue", title="Ensemble {K}alman Filter Assimilation of {D}oppler Radar Data with a Compressible Nonhydrostatic Model: {O}{S}{S} Experiments", year=2005, journal=MWR, volume=133, number=7, pages="1789-1807"}
@article{xueetal06, author="Ming Xue and Mingjing Tong and Kelvin K. Droegemeier", title="An {O}{S}{S}{E} Framework Based on the Ensemble Square Root {K}alman Filter for Evaluating the Impact of Data from Radar Networks on Thunderstorm Analysis and Forecasting", year=2006, journal=JTECH, volume=23, number=1, pages="46-66"}
@article{cayaetal05, author="Alain Caya and Juanzhen Sun and Chris Snyder", title="A Comparison between the 4{D}{V}{A}{R} and the Ensemble {K}alman Filter Techniques for Radar Data Assimilation", year=2005, journal=MWR, volume=133, number=11, pages="3081-3094"}
@article{jungetal08a, author="Youngsun Jung and Guifu Zhang and Ming Xue", title="Assimilation of Simulated Polarimetric Radar Data for a Convective Storm Using the Ensemble {K}alman Filter. {P}art {I}: Observation Operators for Reflectivity and Polarimetric Variables", year=2008, journal=MWR, volume=136, number=6, pages="2228-2245"}
@article{jungetal08b, author="Youngsun Jung and Ming Xue and Guifu Zhang and Jerry M. Straka", title="Assimilation of Simulated Polarimetric Radar Data for a Convective Storm Using the Ensemble {K}alman Filter. {P}art {II}: Impact of Polarimetric Data on Storm Analysis", year=2008, journal=MWR, volume=136, number=6, pages="2246-2260"}
@article{xuetal08, author="Qin Xu and Huijuan Lu and Shouting Gao and Ming Xue and Mingjing Tong", title="Time-Expanded Sampling for Ensemble {K}alman Filter: Assimilation Experiments with Simulated Radar Observations", year=2008, journal=MWR, volume=136, number=7, pages="2651-2667"}
@article{liuxue08, author="Haixia Liu and Ming Xue", title="Prediction of Convective Initiation and Storm Evolution on 12 {J}une 2002 during {IHOP}\_2002. {P}art {I}: Control Simulation and Sensitivity Experiments", year=2008, journal=MWR, volume=136, number=7, pages="2261-2282"}
@article{luxu09, author="Huijuan Lu and Qin Xu", title="Trade-Offs between Measurement Accuracy and Resolutions in Configuring Phased-Array Radar Velocity Scans for Ensemble-Based Storm-Scale Data Assimilation", year=2009, journal=JAMC, volume=48, number=6, pages="1230-1244"}
@article{thompsonetal12, author="Therese E. Thompson and Louis J. Wicker and Xuguang Wang", title="Impact from a Volumetric Radar-Sampling Operator for Radial Velocity Observations within {E}n{K}{F} Supercell Assimilation", year=2012, journal=JTECH, volume=29, number=10, pages="1417-1427"}
@article{aksoyetal09, author="Altug Aksoy and David C. Dowell and Chris Snyder", title="A Multicase Comparative Assessment of the Ensemble {K}alman Filter for Assimilation of Radar Observations. {P}art {I}: Storm-Scale Analyses", year=2009, journal=MWR, volume=137, number=6, pages="1805-1824"}
@article{aksoyetal10, author="Altug Aksoy and David C. Dowell and Chris Snyder", title="A Multicase Comparative Assessment of the Ensemble {K}alman Filter for Assimilation of Radar Observations. {P}art {II}: Short-range Ensemble Forecasts", year=2010, journal=MWR, volume=138, number=4, pages="1273-1292"}
@article{tanamachietal13, author="Robin L. Tanamachi and Louis J. Wicker and David C. Dowell and Howard B. Bluestein and Daniel T. {II} Dawson and Ming Xue", title="En{KF} Assimilation of High-Resolution, Mobile {D}oppler Radar Data of the 4 {M}ay 2007 {G}reensburg, {K}ansas, Supercell into a Numerical Cloud Model", year=2013, journal=MWR, volume=141, number=2, pages="625-648"}
@article{dowelletal11, author="David C. Dowell and Louis J. Wicker and Chris Snyder", title="Ensemble {K}alman Filter Assimilation of Radar Observations of the 8 {M}ay 2003 Oklahoma City Supercell: Influences of Reflectivity Observations on Storm-Scale Analyses", year=2011, journal=MWR, volume=139, number=1, pages="272-294"}
@article{dowellwicker09, author="David C. Dowell and Louis J. Wicker", title="Additive Noise for Storm-Scale Ensemble Data Assimilation", year=2009, journal=JTECH, volume=26, number=5, pages="911-927"}
@article{schenkmanetal11, author="Alexander D. Schenkman and Ming Xue and Alan Shapiro and Keith Brewster and Jidong Gao", title="The Analysis and Prediction of the 8-9 {M}ay 2007 {O}klahoma Tornadic Mesoscale Convective System by Assimilating {WSR-88D} and {CASA} Radar Data Using {3DVAR}", journal=MWR, year=2011, volume=139, number=1, pages="224-246"}
@article{schenkmanetal11b, author="Alexander D. Schenkman and Ming Xue and Alan Shapiro", title="Impact of {C}{A}{S}{A} Radar and {O}klahoma {M}esonet Data Assimilation on the Analysis and Prediction of Tornadic Mesovortices in an {M}{C}{S}", year=2011, journal=MWR, volume=139, number=11, pages="3422-3445"}
@article{snooketal11, author="Nathan Snook and Ming Xue and Youngsun Jung", title="Analysis of a Tornadic Mesoscale Convective Vortex Based on Ensemble {K}alman Filter Assimilation of {C}{A}{S}{A} {X}-band and {W}{S}{R}-88{D} Radar Data", year=2011, journal=MWR, volume=139, number=11, pages="3446-3468"}
@article{snooketal12, author="Nathan Snook and Ming Xue and Youngsun Jung", title="Ensemble Probabilistic Forecasts of a Tornadic Mesoscale Convective System from Ensemble {K}alman Filter Analyses Using {W}{S}{R}-88{D} and {C}{A}{S}{A} Radar Data", year=2012, journal=MWR, volume=140, number=7, pages="2126-2146"}
@article{dawsonetal10, author="Daniel T. Dawson and Ming Xue and Jason A. Milbrandt and M. K. Yau", title="Comparison of Evaporation and Cold Pool Development between Single-Moment and Multimoment Bulk Microphysics Schemes in Idealized Simulations of Tornadic Thunderstorms", year=2010, journal=MWR, volume=138, number=4, pages="1152-1171"}
@article{dawsonetal12, author="Daniel T. Dawson and Louis J. Wicker and Edward R. Mansell and Robin L. Tanamachi", title="Impact of the Environmental Low-Level Wind Profile on Ensemble Forecasts of the 4 {M}ay 2007 {G}reensburg, {K}ansas, Tornadic Storm and Associated Mesocyclones", year=2012, journal=MWR, volume=140, number=2, pages="696-716"}
@article{jungetal12, author="Youngsun Jung and Ming Xue and Mingjing Tong", title="Ensemble {K}alman Filter Analyses of the 29–30 {M}ay 2004 {O}klahoma Tornadic Thunderstorm Using One- and Two-Moment Bulk Microphysics Schemes, with Verification against Polarimetric Radar Data", year=2012, journal=MWR, volume=140, number=5, pages="1457-1475"}
@article{coniglioetal13, author="Michael C. Coniglio", title="Verification of Convection-Allowing {W}{R}{F} Model Forecasts of the Planetary Boundary Layer Using Sounding Observations", year=2013, journal=WAF, volume=28, number=3, pages="842-862"}
@article{zhangetal06a, author="Fuqing Zhang and Zhiyong Meng and Altug Aksoy", title="Tests of an Ensemble {K}alman Filter for Mesoscale and Regional-Scale Data Assimilation. {P}art {I}: Perfect Model Experiments", year=2006, journal=MWR, volume=134, number=2, pages="722-736"}
@article{mengzhang07, author="Zhiyong Meng and Fuqing Zhang", title="Tests of an Ensemble {K}alman Filter for Mesoscale and Regional-Scale Data Assimilation. {P}art {II}: Imperfect Model Experiments", year=2007, journal=MWR, volume=135, number=4, pages="1403-1423"}
@article{mengzhang08a, author="Zhiyong Meng and Fuqing Zhang", title="Tests of an Ensemble {K}alman Filter for Mesoscale and Regional-Scale Data Assimilation. {P}art {III}: Comparison with 3{D}{V}{A}{R} in a real-data case study", year=2008, journal=MWR, volume=136, number=2, pages="522-540"}
@article{mengzhang08b, author="Zhiyong Meng and Fuqing Zhang", title="Tests of an Ensemble {K}alman Filter for Mesoscale and Regional-Scale Data Assimilation. {P}art {IV}: Comparison with 3{D}{V}{A}{R} in a month-long experiment", year=2008, journal=MWR, volume=136, number=10, pages="3671-3682"}
@article{puetal13, author="Zhaoxia Pu and Hailing Zhang and Jeffrey Anderson", title="Ensemble {K}alman filter assimilation of near-surface observations over complex terrain: comparison with 3{D}{V}{A}{R} for short-range forecasts", year=2013, journal="Tellus", volume="65A", pages="19620"}
@article{ancelletal11, author="Brian C. Ancell and Clifford F. Mass and Gregory J. Hakim", title="Evaluation of surface analyses and forecasts with a multiscale ensemble {K}alman filter in regions of complex terrain", year=2011, journal=MWR, volume=139, number=6, pages="2008-2024"}
@article{ancell12, author="Brian C. Ancell", title="Examination of Analysis and Forecast Errors of High-Resolution Assimilation, Bias Removal, and Digital Filter Initialization with an Ensemble {K}alman Filter", year=2012, journal=MWR, volume=140, number=12, pages="3992-4004"}
@article{hackeredelstein07, author="Joshua P. Hacker and Dorita Rostkier-Edelstein", title="{P}{B}{L} state estimation with surface observations, a column model, and an ensemble filter", year=2007, journal=MWR, volume=135, number=8, pages="2958-2972"}
@article{fujitaetal07, author="Tadashi Fujita and David J. Stensrud and David C. Dowell", title="Surface Data Assimilation Using an Ensemble {K}alman Filter Approach with Initial Condition and Model Physics Uncertainties", year=2007, journal=MWR, volume=135, number=5, pages="1846-1868"}
@article{wheatleystensrud10, author="Dustan M. Wheatley and David J. Stensrud", title="The Impact of Assimilating Surface Pressure Observations on Severe Weather Events in a {W}{R}{F} Mesoscale Ensemble System", year=2010, journal=MWR, volume=138, number=5, pages="1673-1694"}
@article{stensrudgao10, author="David J. Stensrud and Jidong Gao", title="Importance of Horizontally Inhomogeneous Environmental Initial Conditions to Ensemble Storm-Scale Radar Data Assimilation and Very Short-Range Forecasts", year=2010, journal=MWR, volume=138, number=4, pages="1250-1272"}
@article{wheatleyetal12, author="Dustan M. Wheatley and David J. Stensrud and David C. Dowell and Nusrat Yussouf", title="Application of a {W}{R}{F} Mesoscale Data Assimilation System to Springtime Severe Weather Events 2007–09", year=2012, journal=MWR, volume=140, number=5, pages="1539-1557"}
@article{stensrudetal09a, author="David J. Stensrud and Louis J. Wicker and Kevin E. Kelleher and Ming Xue and Michael P. Foster and Joseph T. Schaefer and Russell S. Schneider and Stanley G. Benjamin and Stephen S. Weygandt and John T. Ferree and Jason P. Tuell", title="Convective-Scale Warn-on-Forecast System: A Vision for 2020", year=2009, journal=BAMS, volume=90, number=10, pages="1487-1499"}
@article{stensrudetal09b, author="David J. Stensrud and Nusrat Yussouf and David C. Dowell and Michael C. Coniglio", title="Assimilating surface data into a mesoscale model ensemble: Cold pool analyses from spring 2007", year=2009, journal="Atmos. Res", volume=93, pages="207-220"}
@article{stensrudetal13, author="David J. Stensrud and Louis J. Wicker and Ming Xue and Daniel T. {Dawson II} and Nusrat Yussouf and Dustan M. Wheatley and Therese E. Thompson and Nathan A. Snook and Travis M. Smith and Alexander D. Schenkman and Corey K. Potvin and Edward R. Mansell and Ting Lei and Kristin M. Kuhlman and Youngsung Jung and Thomas A. Jones and Jidong Gao and Michael C. Coniglio and Harold E. Brooks and Keith A. Brewster", title="Progress and challenges with {W}arn-on-{F}orecast", journal="Atmos. Res.", volume=123, year=2013, pages="2-16"}
@article{xuemartin06a, author="Ming Xue and William J. Martin", title="A High-Resolution Modeling Study of the 24 {M}ay 2002 Dryline Case during {I}{H}{O}{P}. {P}art {I}: Numerical Simulation and General Evolution of the Dryline and Convection", year=2006, journal=MWR, volume=134, number=1, pages="149-171"}
@article{xuemartin06b, author="Ming Xue and William J. Martin", title="A High-Resolution Modeling Study of the 24 {M}ay 2002 Dryline Case during {I}{H}{O}{P}. {P}art {II}: Horizontal Convective Rolls and Convective Initiation", year=2006, journal=MWR, volume=134, number=1, pages="172-191"}
@article{wangxue12, author="Qi-Wei Wang and Ming Xue", title="Convective initiation on 19 {J}une 2002 during {I}{H}{O}{P}: High-resolution simulations and analysis of the mesoscale structures an- convection initiation", year=2012, journal=JGR, volume=117, pages="D12107"}
@article{bratseth86, author="Arne M. Bratseth", title="Statistical interpolation by means of successive corrections", year=1986, journal="Tellus", volume="38A", number=5, pages="439-447"}
@article{sobashstensrud13, author="Ryan A. Sobash and David J. Stensrud", title="The impact of covariance localization for radar data on {E}n{K}{F} analyses of a developing {M}{C}{S}: Observing system simulation experiments", year=2013, journal=MWR, volume=141, number=11, pages="3691-3709"}
@article{morrisonetal09, author="Hugh Morrison and Greg Thompson and V. Tatarskii", title="Impact of Cloud Microphysics on the Development of Trailing Stratiform Precipitation in a Simulated Squall Line: Comparison of One- and Two-Moment Schemes", year=2009, journal=MWR, volume=137, number=3, pages="991-1007"}
@article{janjic94, author="Zavisa I. Janjic", title="The Step-Mountain Eta Coordinate Model: Further Developments of the Convection, Viscous Sublayer, and Turbulence Closure Schemes", year=1994, journal=MWR, volume=122, number=5, pages="927-945"}
@article{kainetal10, author="John S. Kain and Scott R. Dembek and Steven J. Weiss and Jonathan L. Case and Jason J. Levit and Ryan A. Sobash", title="Extracting Unique Information from High-Resolution Forecast Models: Monitoring Selected Fields and Phenomena Every Time Step", year=2010, journal=WAF, volume=25, number=5, pages="1536-1542"}
@article{linhubbard04, author="X. Lin and K. G. Hubbard", title="Uncertainties of Derived Dewpoint Temperature and Relative Humidity", year=2004, journal=JAMC, volume=43, number=5, pages="821-825"}
@article{yussoufetal13, author="Nusrat Yussouf and Edward R. Mansell and Louis J. Wicker and Dustan M. Wheatley and David J. Stensrud", title="The Ensemble {K}alman Filter Analyses and Forecasts of the 8 {M}ay 2003 Oklahoma City Tornadic Supercell Storm Using Single- and Double-Moment Microphysics Schemes", year=2013, journal=MWR, volume=141, number=10, pages="3388-3412"}
@article{morrisonetal12, author="Hugh Morrison and Sarah A. Tessendorf and Kyoko Ikeda and Gregory Thompson", title="Sensitivity of a Simulated Midlatitude Squall Line to Parameterization of Raindrop Breakup", year=2012, journal=MWR, volume=140, number=8, pages="2437-2460"}
@article{milbrandtyau05, author="J. A. Milbrandt and M. K. Yau", title="A Multimoment Bulk Microphysics Parameterization. {P}art {I}: Analysis of the Role of the Spectral Shape Parameter", year=2005, journal=JAS, volume=62, number=9, pages="3051-3064"}
@article{kumjianryzhkov12, author="Matthew R. Kumjian and Alexander V. Ryzhkov", title="The Impact of Size Sorting on the Polarimetric Radar Variables", year=2012, journal=JAS, volume=69, number=6, pages="2042-2060"}
@article{gasparicohn99, author="Gregory Gaspari and Stephen E. Cohn", title="Construction of correlation functions in two and three dimensions", year=1999, journal=QJRMS, volume=125, number=554, pages="723-757"}
@article{houtekamermitchell98, author="P. L. Houtekamer and Herschel L. Mitchell", title="Data Assimilation Using an Ensemble {K}alman Filter Technique", year=1998, journal=MWR, volume=126, number=3, pages="796-811"}
@article{houtekamermitchell01, author="P. L. Houtekamer and Herschel L. Mitchell", title="A sequential ensemble {K}alman filter for atmospheric data assimilation", year=2001, journal=MWR, volume=129, number=1, pages="123-137"}
@article{tippett03, author="Michael K. Tippett and Jeffrey L. Anderson and Craig H. Bishop and Thomas M. Hamill and Jeffrey S. Whitaker", title="Ensemble Square Root Filters", year=2003, journal=MWR, volume=131, number=7, pages="1485-1490"}
@article{whitakerhamill02, author="Jeffrey S. Whitaker and Thomas M. Hamill", title="Ensemble data assimilation without perturbed observations", year=2002, journal=MWR, volume=130, number=7, pages="1913-1924"}
@article{knopfmeierstensrud13, author="Kent H. Knopfmeier and David J. Stensrud", title="Influence of Mesonet Observations on the Accuracy of Surface Analyses Generated by an Ensemble {K}alman Filter", year=2013, journal=WAF, volume=28, number=3, pages="815-841"}
@article{markowskietal08, author="Paul Markowski and Yvette Richardson and Erik Rasmussen and Jerry Straka and Robert Davies-Jones and Robert J. Trapp", title="Vortex Lines within Low-Level Mesocyclones Obtained from Pseudo-Dual-{D}oppler Radar Observations", year=2008, journal=MWR, volume=136, number=9, pages="3513-3535"}
@article{galchen78, author="Tzvi Gal-Chen", title="A Method for the Initialization of the Anelastic Equations: Implications for Matching Models with Observations", year=1978, journal=MWR, volume=106, number=5, pages="587-606"}
@article{brandes77, author="Edward A. Brandes", title="Flow in Severe Thunderstorms Observed bu Dual-{D}oppler Radar", year=1977, journal=MWR, volume=105, number=1, pages="113-120"}
@article{armijo69, author="L. Armijo", title="A Theory for the Determination of Wind and Precipitation Velocities with {D}oppler Radars", year=1969, journal=JAS, volume=26, number=3, pages="570-573"}
@article{rayetal75, author="Peter S. Ray and R. J. Doviak and G. B. Walker and D. Sirmans and J. Carter and B. Bumgarner", title="Dual-{D}oppler Observation of a Tornadic Storm", year=1975, journal=JAMC, volume=14, number=8, pages="1521-1530"}
@article{hanescott78, author="Carl E. Hane and Bryan C. Scott", title="Temperature and Pressure Perturbations within Convective Clouds Derived from Detailed Air Motion Information: Preliminary Testing", year=1978, journal=MWR, volume=106, number=5, pages="645-661"}
@article{haneetal81, author="Carl E. Hane and Robert B. Wilhelmson and Tzvi Gal-Chen", title="Retrieval of Thermodynamic Variables within Deep Convective Clouds: Experiments in Three Dimensions", year=1981, journal=MWR, volume=109, number=3, pages="564-576"}
@article{roux85, author="Frank Roux", title="Retrieval of Thermodynamic Fields from Multiple-{D}oppler Radar Data Using the Equations of Motion and the Thermodynamic Equation", year=1985, journal=MWR, volume=113, number=12, pages="2142-2157"}
@article{brandes84, author="Edward A. Brandes", title="Relationships Between Radar-Derived Thermodynamic Variables and Tornadogenesis", year=1984, journal=MWR, volume=112, number=5, pages="1033-1052"}
@article{ziegler85, author="Conrad L. Ziegler", title="Retrieval of Thermal and Microphysical Variables in Observed Convective Storms. {P}art {I}: Model Development and Preliminary Testing", year=1985, journal=JAS, volume=42, number=14, pages="1487-1509"}
@article{ziegler88, author="Conrad L. Ziegler", title="Retrieval of Thermal and Microphysical Variables in Observed Convective Storms. {P}art {II}: Sensitivity of Cloud Processes to Variation of the Microphysical Parameterization", year=1988, journal=JAS, volume=45, number=6, pages="1072-1090"}
@article{shapiromewes99, author="Alan Shapiro and John J. Mewes", title="New Formulations of Dual-{D}oppler Wind Analysis", year=1999, journal=JTECH, volume=16, number=6, pages="782-792"}
@article{gaoetal99, author="Jidong Gao and Ming Xue and Alan Shapiro and Kelvin K. Droegemeier", title="A Variational Method for the Analysis of Three-Dimensional Wind Fields from Two {D}oppler Radars", year=1999, journal=MWR, volume=127, number=9, pages="2128-2142"}
@article{gaoetal01, author="Jidong Gao and Ming Xue and Alan Shapiro and Qin Xu and Kelvin K. Droegemeier", title="Three-Dimensional Simple Adjoint Velocity Retrievals from Single-{D}oppler Radar", year=2001, journal=JTECH, volume=18, number=1, pages="26-38"}
@article{gaoetal04, author="Jidong Gao and Ming Xue and Keith Brewster and Kelvin K. Droegemeier", title="A Three-Dimensional Variational Data Analysis Method with Recursive Filter for {D}oppler Radars", year=2004, journal=JTECH, volume=21, number=3, pages="457-469"}
@article{gaoetal12, author="Jidong Gao and David J. Stensrud", title="Assimilation of reflectivity data in a convective-scale, cycled, {3DVAR} framework with hydrometeor classification", year=2012, journal="JAS", volume=69, number=3, pages="1054-1065"}
@article{shapiroetal95, author="Alan Shapiro and Scott Ellis and Justin Shaw", title="Single-{D}oppler Velocity Retrievals with {P}hoenix {II} Data: Clear Air and Microburst Wind Retrievals in the Planetary Boundary Layer", year=1995, journal=JAS, volume=52, number=9, pages="1265-1287"}
@article{linetal93, author="Ying Lin and Peter S. Ray and Kenneth W. Johnson", title="Initialization of a Modeled Convective Storm Using {D}oppler Radar--derived Fields", year=1993, journal=MWR, volume=121, number=10, pages="2757-2775"}
@article{crooktuttle94, author="Andrew Crook and John D. Tuttle", title="Numerical Simulations Initialized with Radar-Derived Winds. {P}art {II}: Forecasts of Three Gust-Front Cases", year=1994, journal=MWR, volume=122, number=6, pages="1204-1217"}
@article{weygandtetal02a, author="Stephen S. Weygandt and Alan Shapiro and Kelvin K. Droegemeier", title="Retrieval of Model Initial Fields from Single-{D}oppler Observations of a Supercell Thunderstorm. {P}art {I}: Single-{D}oppler Velocity Retrieval", year=2002, journal=MWR, volume=130, number=3, pages="433-453"}
@article{weygandtetal02b, author="Stephen S. Weygandt and Alan Shapiro and Kelvin K. Droegemeier", title="Retrieval of Model Initial Fields from Single-{D}oppler Observations of a Supercell Thunderstorm. {P}art {II}: Thermodynamic Retrieval and Numerical Prediction", year=2002, journal=MWR, volume=130, number=3, pages="454-476"}
@article{zhangetal11, author="Jian Zhang and Kenneth Howard and Carrie Langston and Steve Vasiloff and Brian Kaney and Ami Arthur and Suzanne Van Cooten and Kevin Kelleher and David Kitzmiller and Feng Ding and Dong-Jun Seo and Ernie Wells and Chuck Dempsey", title="National Mosaic and Multi-sensor {Q}{P}{E} ({N}{M}{Q}) System: Description, Results, and Future Plans", year=2011, journal=BAMS, volume=92, number=10, pages="1321-1338"}
@article{anderson01, author="Jeffrey L. Anderson", title="An ensemble adjustment {K}alman filter for data assimilation", journal=MWR, year=2001, volume=129, number=12, pages="2884-2903"}
@article{anderson03, author="Jeffrey L. Anderson", title="A Local Least Squares Framework for Ensemble Filtering", journal=MWR, volume=131, year=2003, number=4, pages="634-642"}
@article{anderson09, author="Jeffrey L. Anderson", title="Spatially and temporally varying adaptive covariance inflation for ensemble filters", journal="Tellus", year=2009, volume="61A", pages="72-83"}
@article{andersonetal09, author="Jeffrey Anderson and Tim Hoar and Kevin Raeder and Hui Liu and Nancy Collins and Ryan Torn", title="The {D}ata {A}ssimilation {R}esearch {T}estbed: A Community Facility", journal=BAMS, year=2009, volume=90, number=9, pages="1283-1296"}
@article{andersoncollins07, author="Jeffrey L. Anderson and Nancy Collins", title="Scalable Implementations of Ensemble Filter Algorithms for Data Assimilation", journal=JTECH, year=2007, volume=24, number=8, pages="1452-1463"}
@article{anderson12, author="Jeffrey L. Anderson", title="Localization and Sampling Error Correction in Ensemble Kalman Filter Data Assimilation", journal=MWR, year=2012, volume=140, number=7, pages="2359-2371"}
@article{kalman60, author="R. E. Kalman", title="A new approach to linear filtering and prediction problems", year=1960, journal="J. Basic. Eng.", volume="82D", pages="35-45"}
@article{kalmanbucy61, author="R. E. Kalman and R. S. Bucy", title="New results in linear filtering and prediction theory", year=1961, journal="J. Basic. Eng.", volume=83, pages="95-108"}
@article{evensen94, author="G. Evensen", title="Sequential data assimilation with a nonlinear quasi-geostrophic model using {M}onte-{C}arlo methods to forecast error statistics", journal=JGR, year=1994, volume="99 (C5)", pages="10143-10162"}
@article{bouttier94, author="Francois Bouttier", title="A Dynamical Estimation of Forecast Error Covariances in an Assimilation System", journal=MWR, year=1994, volume=122, number=10, pages="2376-2390"}
@article{barnes64, author="Stanley L. Barnes", title="A Technique for Maximizing Details in Numerical Weather Map Analysis", journal=JAMC, year=1964, volume=3, number=4, pages="396-409"}
@article{sasaki70, author="Y. Sasaki", title="Some basic formalisms in numerical variational analysis", year=1970, journal=MWR, volume=98, pages="875-883"}
@article{iaconoetal08, author="Michael J. Iacono and Jennifer S. Delamere and Eli J. Mlawer and Mark W. Shephard and Shepard A. Clough and William D. Collins", title="Radiative forcing by long-lived greenhouse gases: Calculations with the {A}{E}{R} radiative transfer models", year=2008, journal=JGR, volume=113, pages="D13103"}
@article{pereiraberre06, author="Margarida Belo Pereira and Loik Berre", title="The Use of an Ensemble Approach to Study the Background Error Covariances in a Global {N}{W}{P} Model", journal=MWR, year=2006, volume=134, number=9, pages="2466-2489"}
@article{bishophodyss09a, author="Craig H. Bishop and Daniel Hodyss", title="Ensemble covariances adaptively localized with {E}{C}{O}-{R}{A}{P}. {P}art 1: tests on simple error models", journal="Tellus", year=2009, volume="61A", number=1, pages="84-96"}
@article{bishophodyss09b, author="Craig H. Bishop and Daniel Hodyss", title="Ensemble covariances adaptively localized with {E}{C}{O}-{R}{A}{P}. {P}art 2: a strategy for the atmosphere", journal="Tellus", year=2009, volume="61A", number=1, pages="97-111"}
@article{chenoliver09, author="Yan Chen and Dean S. Oliver", title="Cross-covariances and localization for {E}n{K}{F} in multiphase flow data assimilation", journal="Comput. Geosci.", volume=14, year=2009, pages="579-601"}
@article{coniglioetal06, author="Michael C. Coniglio and David J. Stensrud and Louis J. Wicker", title="Effects of Upper-Level Shear on the Structure and Maintenance of Strong Quasi-Linear Mesoscale Convective Systems", journal=JAS, year=2006, volume=63, number=4, pages="1231-1252"}
@article{dongetal11, author="Jili Dong and Ming Xue and Kelvin Droegemeier", title="The analysis and impact of simulated high-resolution surface observations in addition to radar data for convective storms with an ensemble {K}alman filter", year=2011, journal="Meteor. Atmos. Phys.", volume=112, pages="41-61"}
@article{fisher15, author="R. A. Fisher", title="Frequency distribution of the values of the correlation coefficient in samples from an indefinitely large population", journal="Biometrika", year=1915, volume=10, pages="507-521"}
@article{greybushetal11, author="Steven J. Greybush and Eugenia Kalnay and Takemasa Miyoshi and Kayo Ide and Brian R. Hunt", title="Balance and Ensemble {K}alman Filter Localization Techniques", journal=MWR, year=2011, volume=139, number=2, pages="511-522"}
@article{hamilletal01, author="Thomas M. Hamill and Jeffrey S. Whitaker and Chris Snyder", title="Distance-Dependent Filtering of Background Error Covariance Estimates in an Ensemble {K}alman Filter", journal=MWR, year=2001, volume=129, number=11, pages="2776-2790"}
@article{haneray85, author="Carl E. Hane and Peter S. Ray", title="Pressure and Buoyancy Fields Derived from {D}oppler Radar Data in a Tornadic Thunderstorm", journal=JAS, volume=42, number=1, pages="18-35", year=1985}
@article{honglim06, author="S.-Y. Hong and J.-O. J. Lim", title="The {W}{R}{F} single-moment 6-class microphysics scheme ({W}{S}{M}6)", journal="J. Korean Meteor. Soc.", volume=42, pages="129-151", year=2006}
@article{micheletal11, author="Yann Michel and Thomas Auligné and Thibaut Montmerle", title="Heterogeneous Convective-Scale Background Error Covariances with the Inclusion of Hydrometeor Variables", journal=MWR, year=2011, volume=139, number=9, pages="2994-3015"}
@article{murphy88, author="J. M. Murphy", title="The impact of ensemble forecasts on predictability", journal=QJRMS, year=1988, volume=114, pages="463-493"}
@article{schwartzetal10, author="Craig S. Schwartz and John S. Kain and Steven J. Weiss and Ming Xue and David R. Bright and Fanyou Kong and Kevin W. Thomas and Jason J. Levit and Michael C. Coniglio and Matthew S. Wandishin", title="Toward Improved Convection-Allowing Ensembles: Model Physics Sensitivities and Optimizing Probabilistic Guidance with Small Ensemble Membership", journal=WAF, year=2010, volume=25, number=1, pages="263-280"}
@article{wakimoto82, author="Roger M. Wakimoto", title="The Life Cycle of Thunderstorm Gust Fronts as Viewed with {D}oppler Radar and Rawinsonde Data", journal=MWR, year=1982, volume=110, number=8, pages="1060-1082"}
@article{weismanrotunno04, author="Morris L. Weisman and Richard Rotunno", title="``{A} Theory for Strong Long-Lived Squall Lines'' Revisited", journal=JAS, year=2004, volume=61, number=4, pages="361-382"}
@article{zhangetal09, author="Fuqing Zhang and Yonghui Weng and Jason A. Sippel and Zhiyong Meng and Craig H. Bishop", title="Cloud-Resolving Hurricane Initialization and Prediction through Assimilation of {D}oppler Radar Observations with an Ensemble {K}alman Filter", journal=MWR, year=2009, volume=137, number=7, pages="2105-2125"}
@article{huetal10, author="Xiao-Ming Hu and John W. Nielsen-Gammon and Fuqing Zhang", title="Evaluation of three planetary boundary layer schemes in the {WRF} model", journal=JAMC, year=2010, volume=49, number=4, pages="1831-1844"}
@article{deedasilva98, author="Dick P. Dee and Arlindo M. {Da Silva}", title="Data assimilation in the presence of forecast bias", journal=QJRMS, year=1998, volume=124, number=545, pages="269-295"}
@article{putnametal13, author="Bryan J. Putnam and Ming Xue and Youngsun Jung and Nathan Snook and Guifu Zhang", title="The Analysis and Prediction of Microphysical States and Polarimetric Radar Variables in a Mesoscale Convective System Using Double-Moment Microphysics, Multi-Network Radar Data, and the Ensemble {K}alman Filter", journal=MWR, year=2013, note="in press"}
@article{maxwellgarnett04, author="J. C. Maxwell-Garnett", title="Colors in metal glasses and in metallic films", year=1904, journal="Philos. Trans. Roy. Soc. London", volume="A203", pages="385-420"}
@article{klempwilhelmson78, author="Joseph B. Klemp and Robert B. Wilhemson", title="Simulations of Right- and Left-Moving Storms Produced Through Storm Splitting", year=1978, journal=JAS, volume=35, number=6, pages="1097-1110"}
@article{brooksetal94, author="Harold E. Brooks and Charles A. Doswell and Jeremy Cooper", title="On the Environments of Tornadic and Nontornadic Mesocyclones", year=1994, journal=WAF, volume=9, number=4, pages="606-618"}
@article{thompsonetal03, author="Richard L. Thompson and Roger Edwards and John A. Hart and Kimberly L. Elmore and Paul Markowski", title="Close Proximity Soundings within Supercell Environments Obtained from the Rapid Update Cycle", year=2003, journal=WAF, volume=18, number=6, pages="1243-1261"}
@article{talagrandcourtier87, author="Olivier Talagrand and Philippe Courtier", title="Variational Assimilation of Meteorological Observations With the Adjoint Vorticity Equation. {I}:Theory", year=1987, journal=QJRMS, volume=113, number=478, pages="1311-1328"}
@article{romineetal13, author="Glen S. Romine and Craig S. Schwartz and Chris Snyder and Jeff L. Anderson and Morris L. Weisman", title="Model Bias in a Continuously Cycled Assimilation System and Its Influence on Convection-Permitting Forecasts", year=2013, journal=MWR, volume=141, number=4, pages="1263-1284"}
@article{lorenz69, author="Edward N. Lorenz", title="The predictability of a flow which possesses many scales of motion", year=1969, journal="Tellus", volume=21, pages="289-307"}
@article{melhauserzhang12, author="Christopher Melhauser and Fuqing Zhang", title="Practical and intrinsic predictability of severe and convective weather at the mesoscales", year=2012, journal=JAS, volume=69, number=11, pages="3350-3371"}
@article{lorenz65, author="Edward N. Lorenz", title="A study of the predictability of a 28-variable atmospheric model", year=1965, journal="Tellus", volume=17, number=3, pages="321-333"}
@article{zhangetal06b, author="Fuqing Zhang and Andrew M. Odins and John W. Neilsen-Gammon", title="Mesoscale Predictability of an extreme warm-season precipitation event", year=2006, journal=WAF, volume=21, number=2, pages="149-166"}
@article{zhangetal03, author="Fuqing Zhang and Chris Snyder and Richard Rotunno", title="Effects of moist convection on mesoscale predictability", year=2003, journal=JAS, volume=60, number=9, pages="1173-1185"}
@article{leith74, author="C. E. Leith", title="Theoretical skill of {M}onte {C}arlo forecasts", year=1974, journal=MWR, volume=102, number=6, pages="409-418"}
@article{tractonkalnay93, author="M. Stephen Tracton and Eugenia Kalnay", title="Operational ensemble prediction at the {N}ational {M}eteorological {C}enter: {P}ractical aspects", year=1993, journal=WAF, volume=8, number=3, pages="379-398"}
@article{tothkalnay93, author="Zothan Toth and Eugenia Kalnay", title="Ensemble forecasting at {NMC}: {T}he generations of perturbations", year=1993, journal=BAMS, volume=74, number=12, pages="2317-2330"}
@article{hoffmankalnay83, author="Ross N. Hoffman and Eugenia Kalnay", title="Lagged average forecasting, an alternative to {M}onte {C}arlo forecasting", year=1983, journal="Tellus", volume="35A", number=2, pages="100-118"}
@article{palmeretal92, author="T. N. Palmer and F. Molteni and R. Mureau and R. Buizza and P. Chapelet and J. Tribbia", title="Ensemble prediction", year=1992, journal="Proc. Seminar on Validation of Models over Europe", pages="21-66"}
@article{kongetal06, author="Fanyou Kong and Kelvin K. Droegemeier and Nicki L. Hickmon", title="Multiresoluton of ensemble forecasts of an observed tornadic thunderstorm system. {P}art {I}: {C}omparison of coarse- and fine-grid experiments", journal=MWR, year=2006, volume=134, number=3, pages="807-833"}
@article{clarketal09, author="Adam J. Clark and William A. Gallus Jr. and Ming Xue and Fanyou Kong", title="A comparison of precipitation forecast skill between small convection-allowing and large convection-parameterizing ensembles", journal=WAF, year=2009, volume=24, number=4, pages="1121-1140"}
@article{clarketal10, author="Adam J. Clark and William A. Gallus Jr. and Ming Xue and Fanyou Kong", title="Growth of spread in convection-allowing and convection-parameterizing ensembles", journal=WAF, year=2010, volume=25, number=2, pages="594-612"}
@article{xueetal03, author="Ming Xue and Donghai Wang and Jidong Gao and Keith Brewster and Kelvin K. Droegemeier", title="The {A}dvanced {R}egional {P}rediction {S}ystem ({ARPS}), storm-scale numerical weather prediction and data assimilation", journal="Meteorol. Atmos. Phys.", volume=82, pages="139-170", year=2003}
@article{kainetal13, author="John S. Kain and Michael C. Coniglio and James Correia and Adam J. Clark and Patrick T. Marsh and Conrad L. Ziegler and Valliappa Lakshmanan and Stuart D. Miller Jr. and Scott R. Dembek and Steven J. Weiss and Fanyou Kong and Ming Xue and Ryan A. Sobash and Andrew R. Dean and Israel L. Jirak and Christopher J. Melick", title="A Feasibility Study for Probabilistic Convection Initiation Forecasts Based on Explicit Numerical Guidance", year=2013, journal=BAMS, volume=94, pages="1213-1225"}
@article{xueetal00, author="Ming Xue and Kelvin K. Droegemeier and Vince Wong", title="The {A}dvanced {R}egional {P}rediction {S}ystem ({ARPS}) - {A} multiscale nonhydrostatic atmospheric simulation and prediction tool. {P}art {I}: {M}odel dynamics and verification.", year=2000, journal="Meteor. Atmos. Phys.", volume=75, pages="161-193"}
@article{xueetal01, author="Ming Xue and Kelvin K. Droegemeier and Vince Wong and Alan Shapiro and Keith Brewster and Frederick Carr and Dan Weber and Yuhe Liu and Donghai Wang", title="The {A}dvanced {R}egional {P}rediction {S}ystem
({ARPS}) - {A} multiscale nonhydrostatic atmospheric simulation and prediction tool. {P}art {II}: {M}odel physics and applications", year=2001, journal="Meteor. Atmos. Phys.", volume=76, pages="143-165"}
@article{weckwerthetal04, author="Tammy M. Weckwerth and David B. Parsons and Steven E. Koch and James A. Moore and Margaret A. LeMone and Belay B. Demoz and Cyrille Flamant and Bart Geerts and Junhong Wang and Wayne F. Feltz", title="An overview of the {I}nternational {H2O} Project ({IHOP}\_2002) and some preliminary highlights", year=2004, journal=BAMS, volume=85, pages="253-277"}
@article{weckwerth00, author="Tammy M. Weckwerth", title="The effect of small-scale moisture variability on thunderstorm initiation", year=2000, journal=MWR, volume=128, pages="4017-4030"}
@article{weckwerthparsons06, author="Tammy M. Weckwerth and David B. Parsons", title="A review of convection initiation and motivation for {IHOP}\_2002", year=2006, journal=MWR, volume=134, pages="5-22"}
@article{sun05, author="Jenny Sun", title="Convective-scale assimilation of radar data: {P}rogress and challenges", year=2005, journal=QJRMS, volume=131, pages="3439-3463"}
@article{crook96, author="N. Andrew Crook", title="Sensitivity of Moist Convection Forced by Boundary Layer Processes to Low-Level Thermodynamic Fields", year=1996, journal=MWR, volume=124, number=8, pages="1767-1785"}
@article{huetal06a, author="Ming Hu and Ming Xue and Keith Brewster", title="{3DVAR} and cloud analysis with {WSR-88D} {L}evel-{II} data for the prediction of the {F}ort {W}orth, {T}exas, tornadic thunderstorm. {P}art {I}: {C}loud analysis and its impact", year=2006, journal=MWR, volume=134, number=2, pages="675-698"}
@article{huetal06b, author="Ming Hu and Ming Xue and Keith Brewster", title="{3DVAR} and cloud analysis with {WSR-88D} {L}evel-{II} data for the prediction of the {F}ort {W}orth, {T}exas, tornadic thunderstorm. {P}art {II}: {I}mpact of Radial Velocity Analysis via {3DVAR}", year=2006, journal=MWR, volume=134, number=2, pages="675-698"}
@article{huetal07, author="Ming Hu and Ming Xue", title="Impact of Configurations of Rapid Intermittent Assimilation of {WSR-88D} Radar Data for the 8 {M}ay 2003 {O}klahoma {C}ity Tornadic Thunderstorm Case", year=2007, journal=MWR, volume=135, number=2, pages="507-525"}
@article{geetal12, author="Guoqing Ge and Jidong Gao and Ming Xue", title="Diagnostic Pressure Equation as a Weak Constraint in a Storm-Scale Three-Dimensional Variational Radar Data Assimilation System", year=2012, journal=JTECH, volume=29, number=8, pages="1075-1092"}
@article{tremolet04, author="Yannick Tremolet", title="Diagnostics of linear and incremental approximations in the {4D-V}ar", journal=QJRMS, year=2004, volume=130, number=601, pages="2233-2251"}
@article{lorencrawlins05, author="Andrew C. Lorenc and F. Rawlins", title="Why does {4D-V}ar beat {3D-V}ar?", journal=QJRMS, year=2005, volume=131, pages="3247-3257"}
@article{obrien70, author="James J. O'Brien", title="Alternative solutions to the classical vertical velocity problem", journal=JAMC, year=1970, volume=9, number=2, pages="197-203"}
@article{wurmanetal07, author="Joshua Wurman and Yvette Richardson and Curtis Alexander and Stephen Weygandt and Peng Fei Zhang", title="Dual-{D}oppler and Single-{D}oppler Analysis of a Tornadic Storm Undergoing Mergers and Repeated Tornadogenesis", year=2007, journal=MWR, volume=135, number=3, pages="736-758"}
@article{dawsonxue06, author="Daniel T. Dawson and Ming Xue", title="Numerical Forecasts of the 15-16 {J}une 2002 {S}outhern {P}lains Mesoscale Convective System: {I}mpact of Mesoscale Data and Cloud Analysis", year=2006, journal=MWR, volume=134, pages="1607-1629"}
@article{lilly90, author="Douglas K. Lilly", title="Numerical prediction of thunderstorms - has its time come?", journal=QJRMS, year=1990, volume=116, pages="779-798"}
@article{albersetal96, author="Steven C. Albers and John A. McGinley and Daniel L. Birkenheuer and John R. Smart", title="The {L}ocal {A}nalysis and {P}rediction {S}ystem ({LAPS}): Analyses of Clouds, Precipitation, and Temperature", year=1996, journal=WAF, volume=11, number=3, pages="273-287"}
@article{barkeretal04, author="D. M. Barker and W. Huang and Y-R. Guo and A. J. Bourgeois and Q. N. Xiao", title="A three-dimensional variational data assimilation system for {MM5}: {I}mplementation and initial results", year=2004, journal=MWR, volume=132, number=4, pages="897-914"}
@article{zhaoetal08, author="Qingyun Zhao and John Cook and Qin Xu and Paul R. Harasti", title="Improving Short-Term Storm Predictions by Assimilating both Radar Radial-Wind and Reflectivity Observations", year=2008, journal=WAF, volume=23, number=3, pages="373-391"}
@article{xiaosun07, author="Qingnong Xiao and Juanzhen Sun", title="Multiple-Radar Data Assimilation and Short-Range Quantitative Precipitation Forecasting of a Squall Line Observed during {IHOP}\_2002", year=2007, journal=MWR, volume=135, pages="3381-3404"}
@article{sunetal12, author="Juanzhen Sun and Stanley B. Trier and Qingnong Xiao and Morris L. Weisman and Hongli Wang and Zhuming Ying and Mei Xu and Ying Zhang", title="Sensitivity of 0-12-h Warm-Season Precipitation Forecasts over the Central {U}nited {S}tates to Model Initialization", year=2012, journal=WAF, volume=27, number=4, pages="832-855"}
@article{xueetal13, author="Ming Xue and Ming Hu and Alexander Schenkman", title="Numerical Prediction of 8 {M}ay 2003 {O}klahoma {C}ity Tornadic Supercell and Embedded Tornado using {ARPS} with the Assimilation of {WSR-88D} Radar Data", journal=WAF, year=2013, note="in press"}
@article{marquisetal14, author="James Marquis and Yvette Richardson and Paul Markowski and David Dowell and Joshua Wurman and Karen Kosiba and Paul Robinson and Glen Romine", title="An investigation of the {G}oshen {C}ounty, {W}yoming, tornadic supercell of 5 {J}une 2009 using {E}n{KF} assimilation of mobile mesonet and radar observations collected during {VORTEX2}. {P}art {I}: {E}xperiment design and verification of the {E}n{KF} analyses", year=2014, journal=MWR, note="in press"}
@article{wangetal13, author="Hongli Wang and Juanzhen Sun and Xin Zhang and Xiang-Yu Huang and Thomas Augligne", title="Radar Data Assimilation with {WRF} {4D-V}ar. {P}art {I}: System Development and Preliminary Testing", year=2013, journal=MWR, volume=141, number=7, pages="2224-2244"}
@article{jungetal10, author="Youngsun Jung and Ming Xue and Guifu Zhang", title="Simulations of Polarimetric Radar Signatures of a Supercell Storm Using a Two-Moment Bulk Microphysics Scheme", year=2010, journal=JAMC, volume=49, number=1, pages="146-163"}
@article{dawsonetal13, author="Daniel T. Dawson and Edward R. Mansell and Youngsun Jung and Louis J. Wicker and Matthew R. Kumjian and Ming Xue", title="Low-level Zdr signatures in supercell forward flanks: the role of size sorting and melting of hail", year=2013, journal=JAS, note="in press"}
@article{bunkersetal00, author="Matthew J. Bunkers and Brian A. Klimowski and Jon W. Zeitler and Richard L. Thompson and Morris L. Weisman", title="Predicting supercell motion using a new hodograph technique", year=2000, journal=WAF, volume=15, number=1, pages="61-79"}

@book{gandin63, author="L. S. Gandin", title="Objective Analysis of Meteorological Fields", year=1963, publisher="Israel Program for Scientific Translation"}
@book{kalnaybook, author="Eugenia Kalnay", title="Atmospheric Modeling, Data Assimilation and Predictability", publisher="Cambridge University Press", year=2002}
@book{varahanbook, author="John M. Lewis and S. Lakshmivarahan and Sudarshan Dhall", title="Dynamic Data Assimilation: {A} Least Squares Approach", publisher="Cambridge University Press", year=2006}

@conference{brewster96, author="Keith Brewster", title="Application of a {B}ratseth analysis scheme including {D}oppler radar data", booktitle="Preprints, 15th Conf. On Weather Analysis and Forecasting, Norfolk, VA, August 1996", pages="92-95", year=1996}
@conference{kainetal12, author="John S. Kain and I. L. Jirak and S. J. Weiss and A. J. Clark and M. C. Coniglio and J. {Correia, Jr.} and A. R. Dean and P. T. Marsh and C. J. Melick and S. D. Miller and R. Sobash and M. Xue and F. Kong and K. W. Thomas and V. Lakshmanan and D. A. Imy and S. R. Dembek", title="An Overview of the 2012 {NOAA} {H}azardous {W}eather {T}estbed {S}pring {F}orecasting {E}xperiment", year=2012, booktitle="26th Conference on Severe Local Storms, Nashville, TN"}
@inproceedings{zhangetal98, author="J. Zhang and Frederick Carr and Keith Brewster", title="{ADAS} cloud analysis", year=1998, booktitle="12th Conf. on Numerical Weather Prediction", address="Phoenix, AZ", pages="185-188"}
@inproceedings{xueetal08, author="Ming Xue and F. Kong and K. W. Thomas and J. Gao and Y. Wang and K. Brewster and K. K. Droegemeier and J. Kain and S. Weiss and D. Bright and M. Coniglio and J. Du", title="{CAPS} realtime storm-scale ensemble and high-resolution forecasts as part of the {NOAA} {H}azardous {W}eather {T}estbed 2008 {S}pring {E}xperiment.", year=2008, booktitle="24th Conf. Several Local Storms", address="Savannah, GA", note="Page 12.2"}
@inproceedings{madis, author="Patricia A. Miller and M. F. Barth and L. A. Benjamin", title="An update on {MADIS} observation ingest, integration, quality control, and distribution capabilities", year=2005, booktitle="21st International Conference on {I}nteractive {I}nformation {P}rocessing {S}ystems for Meteorology, Oceanography, and Hydrology", address="San Diego, CA", note="J7.12"}
@inproceedings{brewster02, author="Keith Brewster", title="Recent advances in the diabatic initialization of a non-hydrostatic numerical model", year=2002, booktitle="21st Conf. on Severe Local Storms", address="San Antonio, TX", note="J51-54"}

@book{jazwinski70, author="A. H. Jazwinski", title="Stochastic Processes and Filtering Theory", year=1970, publisher="Academic Press"}
@techreport{ncdc12, author="NCDC", title="Storm {D}ata", institution="NOAA", year=2012, volume=54, note="598 pp."}
@techreport{skamarocketal08, author="W. C. Skamarock and J. B. Klemp and J. Dudhia and D. O. Gill and D. M. Barker and W. Wang and J. G. Powers", title="A description of the {A}dvanced {R}esearch {W}{R}{F} version 3", institution="NCAR Tech. Note NCAR/TN-475+STR", year=2008, note="113 pp."}
@techreport{blahak07, author="U. Blahak", title="{RADAR\_MIE\_LM} and {RADAR\_MIELIB} -- Calculation of radar reflectivity from model output", institution="Internal Rep., Institute for Meteorology and Climate Research, University/Research Center Karlsruhe", year=2007, note="150 pp."}
@misc{xueetal95, author="Ming Xue and Kelvin K. Droegemeier and V. Wong and Alan Shapiro and Keith Brewster", title="{ARPS} {V}ersion 4.0 {U}ser's {G}uide", year=1995, note="[Available at http://www.caps.ou.edu/ARPS], 380 pp."}
